%----------------------------------------------------------------------------------------
%	Introduction
%----------------------------------------------------------------------------------------
@BOOK{UnderstandingVideoGames,
  TITLE = {Understanding Video Games},
  SUBTITLE = {The Essential Introduction},
  AUTHOR = {Simon Egenfeldt-Nielsen, Jonas Heide Smith, Susana Pajares Tosca},
  YEAR = {2015},
  PUBLISHER = {Routledge},
}

@BOOK{GameDevelopmentEssentials,
  TITLE = {Game Development Essentials},
  SUBTITLE = {An Introduction},
  AUTHOR = {Jeannie Novak},
  YEAR = {2012},
  PUBLISHER = {Delmar Cengage Learning},
}

@online{Tetris,
  author = {},
  title = {Tetris},
  year = {},
  url = {https://en.wikipedia.org/wiki/Tetris},
  urldate = {2017-12-15}
}

@online{MVP,
  author = {},
  title = {MVP},
  year = {},
  url = {https://en.wikipedia.org/wiki/Minimum_viable_product},
  urldate = {2017-12-15}
}

@online{GoatSimulator,
  author = {},
  title = {Goat Simulator},
  year = {},
  url = {http://www.goat-simulator.com/},
  urldate = {2017-12-03}
}

@online{IAmBread,
  author = {},
  title = {I Am Bread},
  year = {},
  url = {http://www.iambreadgame.com/},
  urldate = {2017-12-03}
}

@BOOK{CarnivorousSquirells,
  TITLE = {Carnivory on Desert Cottontails by Texas Antelope Ground Squirrels},
  SUBTITLE = {},
  AUTHOR = {Friggens, M.},
  YEAR = {2002},
  PUBLISHER = {The Southwestern Naturalist},
}

@online{RastaLion,
  author = {},
  title = {Lion of Judah},
  year = {},
  url = {https://en.wikipedia.org/wiki/Lion_of_Judah},
  urldate = {2017-12-03}
}

@online{Sheriff,
  author = {},
  title = {I Shot the Sheriff},
  year = {},
  url = {https://en.wikipedia.org/wiki/I_Shot_the_Sheriff},
  urldate = {2017-12-03}
}

%----------------------------------------------------------------------------------------
%	METHODOLOGY
%----------------------------------------------------------------------------------------

@online{Spelunky,
  author = {},
  title = {Spelunky},
  year = {},
  url = {http://www.spelunkyworld.com/},
  urldate = {2017-12-15}
}

@online{Trello,
  author = {},
  title = {Trello},
  year = {},
  url = {https://trello.com/},
  urldate = {2017-12-05}
}

@online{GithubRepo,
  author = {},
  title = {Github Repository},
  year = {},
  url = {https://github.com/johannesmols/GangsterSquirrel},
  urldate = {2017-12-04}
}

@online{SuperMarioBros,
  author = {},
  title = {Super Mario Bros},
  year = {},
  url = {https://en.wikipedia.org/wiki/Super_Mario_Bros.},
  urldate = {2017-12-04}
}

%----------------------------------------------------------------------------------------
%	STATE OF THE ART
%----------------------------------------------------------------------------------------

@online{Tallowmere,
  author = {},
  title = {Tallowmere},
  year = {},
  url = {https://www.tallowmere.com},
  urldate = {2017-10-16}
}
@online{CaveStoryPlusSteam,
  author = {},
  title = {Cave Story+ on Steam},
  year = {},
  url = {http://store.steampowered.com/app/200900/Cave_Story/},
  urldate = {2017-10-16}
}
@online{CaveStoryPlusWiki,
  author = {},
  title = {Cave Story+ Wiki},
  year = {},
  url = {http://cavestory.wikia.com/wiki/Cave_Story%2B},
  urldate = {2017-10-16}
}
@online{CaveStoryPlusMoreGamesLike,
  author = {},
  title = {Cave Story+ More Description},
  year = {},
  url = {http://www.moregameslike.com/cave-story-plus/},
  urldate = {2017-10-16}
}
@online{CaveStoryPlusScreenshot,
  author = {},
  title = {Cave Story+ Screenshot},
  year = {},
  url = {https://i.ytimg.com/vi/Y9h6Gn5JvlQ/maxresdefault.jpg},
  urldate = {2017-10-16}
}
@online{StardewValley,
  author = {},
  title = {Stardew Valley},
  year = {},
  url = {https://stardewvalley.net/},
  urldate = {2017-12-15}
}
@online{StardewValleyScreenshot,
  author = {},
  title = {Stardew Valley Screenshot},
  year = {},
  url = {https://stardewvalleywiki.com/The_Mines},
  urldate = {2017-10-16}
}
@online{RogueLegacy,
  author = {},
  title = {Rogue Legacy},
  year = {},
  url = {http://www.cellardoorgames.com/roguelegacy/},
  urldate = {2017-12-15}
}
@online{RogueLegacyWiki,
  author = {},
  title = {Rogue Legacy Wiki},
  year = {},
  url = {https://en.wikipedia.org/wiki/Rogue_Legacy},
  urldate = {2017-10-16}
}
@online{RogueLegacyReview,
  author = {TheYouthfuls},
  title = {Rogue Legacy Review},
  year = {2013},
  url = {https://www.giantbomb.com/rogue-legacy/3030-42828/user-reviews/2200-26074/},
  urldate = {2017-10-16}
}
@online{RogueLegacySteam,
  author = {},
  title = {Rogue Legacy Features},
  year = {},
  url = {http://store.steampowered.com/app/241600/Rogue_Legacy/},
  urldate = {2017-10-16}
}
@online{RogueLegacyScreenshot,
  author = {},
  title = {Rogue Legacy Screenshot},
  year = {},
  url = {https://www.giantbomb.com/images/1300-2500810},
  urldate = {2017-10-16}
}
@online{MegaMiner,
  author = {},
  title = {Mega Miner},
  year = {},
  url = {https://www.silvergames.com/de/mega-miner},
  urldate = {2017-12-15}
}
@online{SpelunkyScreenshot,
  author = {},
  title = {Spelunky Screenshot},
  year = {},
  url = {https://gotgame.com/2014/01/21/gamer-releases-mod-for-spelunky-hd-to-recreate-the-same-levels/},
  urldate = {2017-10-16}
}
@online{NulcearThrone,
  author = {},
  title = {Nuclear Throne},
  year = {},
  url = {http://nuclearthrone.com/},
  urldate = {2017-12-15}
}
@online{NulcearThroneScreenshot,
  author = {},
  title = {Nuclear Throne Screenshot},
  year = {},
  url = {http://store.steampowered.com/app/242680/Nuclear_Throne/},
  urldate = {2017-12-07}
}

%----------------------------------------------------------------------------------------
%	BUSINESS STRATEGY
%----------------------------------------------------------------------------------------

@online{GamesMarketRevenue,
  author = {},
  title = {Market Revenue By Region},
  year = {},
  url = {https://www.statista.com/statistics/539572/games-market-revenue-by-region/},
  urldate = {2017-11-23}
}

@online{NezooScreenshot,
  author = {},
  title = {Market Revenue Per Segment},
  year = {},
  url = {https://newzoo.com/wp-content/uploads/2017/04/Newzoo_2017_Global_Games_Market_Per_Segment_April_2017.png},
  urldate = {2017-11-23}
}

@online{BusinessModelsAndStrategy,
  author = {},
  title = {Business models and strategies in the video game industry : an analysis of Activision-Blizzard and Electronic Arts},
  year = {},
  url = {https://dspace.mit.edu/handle/1721.1/81088},
  urldate = {2017-11-23}
}

@online{MarketingStrategyExamples,
  author = {},
  title = {Marketing strategies examples},
  year = {},
  url = {https://www.bestmarketingdegrees.org/30-successful-video-game-marketing-campaigns-ever/},
  urldate = {2017-11-23}
}

@online{Pong,
  author = {},
  title = {Pong},
  year = {},
  url = {https://en.wikipedia.org/wiki/Pong},
  urldate = {2017-12-03}
}


@online{MarketSegmentation,
author = {Hitesh Bhasin},
title = {Marketing strategies examples},
year = {2017},
url = {https://www.marketing91.com/4-types-market-segmentation-segment/},
urldate = {2017-12-04}
}

@online{VideoGamerGender,
author = {Statista},
title = {U.S. Video gamer gender},
year = {2017},
url = {https://www.statista.com/statistics/232383/gender-split-of-us-computer-and-video-gamers/},
urldate = {2017-12-08}
}


@online{GlobalGamesMarket,
author = {NewZoo},
title = {2016-2020 Global Games Market},
year = {2017},
url = {
https://newzoo.com/wp-content/uploads/2017/11/Newzoo_Global_Games_Market_Revenue_Growth_2016-2020_October_2017.png},
urldate = {2017}
}
%----------------------------------------------------------------------------------------
%	DOCUMENTATION
%----------------------------------------------------------------------------------------

@online{FlatEarthUISkin,
  title = {Flat Earth UI Skin},
  year = {2017},
  url = {https://ray3k.wordpress.com/flat-earth-ui-skin-for-libgdx/},
  urldate = {2017-12-18}
}
@online{TileMaps,
  title = {LibGDX Tile maps documentation},
  year = {2017},
  url = {https://github.com/libgdx/libgdx/wiki/Tile-maps},
  urldate = {2017-12-15}
}
@online{JavaFX,
  title = {JavaFX},
  year = {2017},
  url = {https://en.wikipedia.org/wiki/JavaFX},
  urldate = {2017-12-15}
}
@online{GIMP,
  title = {GIMP},
  year = {2017},
  url = {https://www.gimp.org/},
  urldate = {2017-12-12}
}
@online{PyxelEdit,
  title = {PyxelEdit},
  year = {2017},
  url = {http://pyxeledit.com/},
  urldate = {2017-12-13}
}
@online{NinePatchImage,
  title = {9-Patch files},
  year = {2017},
  url = {https://developer.android.com/studio/write/draw9patch.html},
  urldate = {2017-12-12}
}
@online{TiledMapEditor,
  title = {Tiled},
  year = {2017},
  url = {http://www.mapeditor.org/},
  urldate = {2017-11-11}
}
@online{FrogEnemyDesign,
  title = {Frog enemy},
  year = {2017},
  url = {https://kheftel.deviantart.com/art/Frog-side-finished-549095754},
  urldate = {2017-12-11}
}
@online{MonkeyEnemyDesign,
  title = {Monkey enemy},
  year = {2017},
  url = {https://skrubkid.deviantart.com/art/Triple-Dart-Monkey-617580608},
  urldate = {2017-12-11}
}
@online{BirdEnemyDesign,
  title = {Bird enemy},
  year = {2017},
  url = {https://albinoid.deviantart.com/art/Bird-Thingie-699576404},
  urldate = {2017-12-11}
}
@online{BossEnemyDesign,
  title = {Boss enemy},
  year = {2017},
  url = {https://en.wikipedia.org/wiki/List_of_game_engines},
  urldate = {2017-12-11}
}

@online{ListOfGameEngines,
  title = {List of game engines},
  year = {2017},
  url = {https://www.behance.net/gallery/28536195/2D-Animation-corw-concept},
  urldate = {2017-12-11}
}

@online{UnityGameEngine,
  author = {},
  title = {Unity Game Engine},
  year = {2017},
  url = {https://unity3d.com/},
  urldate = {2017-11-29}
}

@online{UnrealEngine,
  author = {},
  title = {Unreal Engine 4},
  year = {2017},
  url = {https://www.unrealengine.com/en-US/what-is-unreal-engine-4},
  urldate = {2017-11-29}
}

@online{LibGDX,
  author = {},
  title = {LibGDX},
  year = {2017},
  url = {https://libgdx.badlogicgames.com/},
  urldate = {2017-11-29}
}

@online{LWJGL,
  author = {},
  title = {LWJGL},
  year = {2017},
  url = {https://www.lwjgl.org/},
  urldate = {2017-11-29}
}

@online{jMonkeyEngine,
  author = {},
  title = {jMonkeyEngine},
  year = {2017},
  url = {http://jmonkeyengine.org/},
  urldate = {2017-11-29}
}

@online{mini2Dx,
  author = {},
  title = {mini2Dx},
  year = {2017},
  url = {http://mini2dx.org/},
  urldate = {2017-11-29}
}

@online{Slick2D,
  author = {},
  title = {Slick2D},
  year = {2017},
  url = {http://slick.ninjacave.com/},
  urldate = {2017-11-29}
}

@online{RedditJavaGameEngines,
  author = {},
  title = {Reddit: Java game engines},
  year = {2017},
  url = {https://www.reddit.com/r/java/comments/5qleev/java_game_engine/?sort=top},
  urldate = {2017-11-11}
}

@online{StackExchangeLibGDXLWJGL,
  author = {},
  title = {Stack Exchange: libGDX vs LWJGL},
  year = {2017},
  url = {https://gamedev.stackexchange.com/questions/125820/difference-between-libgdx-and-lwgjl},
  urldate = {2017-11-11}
}

@online{libgDXGitHub,
  author = {},
  title = {LibGDX on GitHub},
  year = {2017},
  url = {https://github.com/libgdx/libgdx},
  urldate = {2017-11-29}
}

@online{mini2DxGitHub,
  author = {},
  title = {Mini2Dx on GitHub},
  year = {2017},
  url = {https://github.com/mini2Dx/mini2Dx},
  urldate = {2017-11-29}
}

@online{Slick2DBitBucket,
  author = {},
  title = {Slick2D on BitBucket},
  year = {2017},
  url = {https://bitbucket.org/kevglass/slick/},
  urldate = {2017-11-29}
}

@online{Slick2DWiki,
  author = {},
  title = {Slick2D Wiki},
  year = {2017},
  url = {http://slick.ninjacave.com/wiki/index.php?title=Main_Page},
  urldate = {2017-11-29}
}

@online{LibGDXSetup,
  author = {},
  title = {LibGDX Setup},
  year = {2017},
  url = {https://github.com/libgdx/libgdx/wiki/Setting-up-your-Development-Environment-(Eclipse,-Intellij-IDEA,-NetBeans)},
  urldate = {2017-10-16}
}

@online{libGdxAnimClass,
  author = {},
  title = {libGdx Animation Class},
  year = {2017},
  url = {https://libgdx.badlogicgames.com/nightlies/docs/api/com/badlogic/gdx/graphics/g2d/Animation.html},
  urldate = {2017-11-16}
}

@online{libGDXLifeCycle,
  author = {},
  title = {libGdx Life Cycle},
  year = {2017},
  url = {https://github.com/libgdx/libgdx/wiki/The-life-cycle},
  urldate = {2017-11-27}
}

@online{box2DGithub,
  author = {},
  title = {Box 2D on GitHub},
  year = {2017},
  url = {https://github.com/erincatto/Box2D},
  urldate = {2017-11-27}
}

@online{box2DWikipedia,
  author = {},
  title = {Box2D on Wikipedia},
  year = {2017},
  url = {https://en.wikipedia.org/wiki/Box2D},
  urldate = {2017-11-27}
}

@online{stackoverflowPPM,
  author = {},
  title = {Pixels per meter in Box2D},
  year = {2017},
  url = {https://stackoverflow.com/questions/26089303/libgdx-box2d-pixel-to-meter-conversion},
  urldate = {2017-12-04}
}

@online{bitwiseOROperator,
  author = {},
  title = {Bitwise OR operator explanation},
  year = {2017},
  url = {https://www.tutorialspoint.com/java/java_basic_operators.htm},
  urldate = {2017-12-04}
}

@online{piskelapp,
  author = {},
  title = {Piskelapp},
  year = {},
  url = {https://www.piskelapp.com/},
  urldate = {2017-11-03}
}

@online{opengameart,
  author = {},
  title = {Opengameart},
  year = {},
  url = {https://opengameart.org/},
  urldate = {2017-11-07}
}

@online{twitchAbout,
  author = {},
  title = {About twitch.tv},
  year = {2017},
  url = {https://www.twitch.tv/p/about},
  urldate = {2017-12-05}
}

@online{pircbot,
  author = {},
  title = {Pircbot},
  year = {2017},
  url = {http://www.jibble.org/pircbot.php},
  urldate = {2017-12-01}
}

@online{JackboxGames,
  author = {},
  title = {Jackbox Games},
  year = {2017},
  url = {https://jackboxgames.com/},
  urldate = {2017-12-01}
}

@online{stepValues,
  author = {},
  title = {Stepping the simulation},
  year = {2017},
  url = {https://github.com/libgdx/libgdx/wiki/box2d#stepping-the-simulation},
  urldate = {2017-12-08}
}

@online{Scene2DUI,
  author = {},
  title = {Scene2D UI},
  year = {2017},
  url = {https://github.com/libgdx/libgdx/wiki/Scene2d.ui},
  urldate = {2017-12-10}
}

@online{SkinComposer,
  author = {},
  title = {Skin Composer},
  year = {2017},
  url = {https://ray3k.wordpress.com/software/skin-composer-for-libgdx/},
  urldate = {2017-12-10}
}

@online{TwitchEmotes,
  author = {},
  title = {Twitch Emots},
  year = {2017},
  url = {https://twitchemotes.com/},
  urldate = {2017-12-13}
}
@online{BrentAureliSuperMarioBros,
  author = {Brent Aureli},
  title = {LibGDX - Super Mario Bros},
  year = {2015},
  url = {https://www.youtube.com/playlist?list=PLZm85UZQLd2SXQzsF-a0-pPF6IWDDdrXt},
  urldate = {2017-12-15}
}
@online{JavaOptional,
  author = {Raoul-Gabriel Urma},
  title = {Tired of Null Pointer Exceptions? Consider Using Java SE 8's Optional!},
  year = {2014},
  url = {http://www.oracle.com/technetwork/articles/java/java8-optional-2175753.html},
  urldate = {2017-12-15}
}

%----------------------------------------------------------------------------------------
%	OTHER
%----------------------------------------------------------------------------------------

@online{GSON,
  author = {},
  title = {GSON},
  year = {},
  url = {https://github.com/google/gson},
  urldate = {2017-11-10}
}

@book{howtowriteagoodresearchpaper,
  title={How to write a good Research Paper},
  author={Peter Haisler},
  isbn={978-8759315552},
  url={http://samfundslitteratur.dk/bog/how-write-good-research-paper},
  year={2011},
  publisher={Samfundslitteratur}
}

@online{PokemonGO,
  title={Pokemon GO},
  url = {https://www.pokemongo.com/},
  urldata = {2017-12-5}
}

@online{Minecraft,
  title = {Minecraft},
  url = {https://minecraft.net/en-us/},
  urldata = {2017-12-5}
}

